% Encoding: UTF-8

@Article{Alameer_2020,
  author    = {Zakaria Alameer and Ahmed Fathalla and Kenli Li and Haiwang Ye and Zhang Jianhua},
  title     = {Multistep-ahead forecasting of coal prices using a hybrid deep learning model},
  journal   = {Resources Policy},
  year      = {2020},
  volume    = {65},
  pages     = {101588},
  month     = {mar},
  file      = {:Alameer_2020.pdf:PDF},
  publisher = {Elsevier {BV}},
}

@Article{calel2016environmental,
  author    = {Calel, Raphael and Dechezlepr{\^e}tre, Antoine},
  title     = {Environmental policy and directed technological change: evidence from the {European} carbon market},
  journal   = {Review of economics and statistics},
  year      = {2016},
  volume    = {98},
  number    = {1},
  pages     = {173--191},
  month     = {mar},
  file      = {:calel2016environmental.pdf:PDF},
  publisher = {MIT Press},
}

@Article{che2020co,
  author    = {Che, Ping and Liu, Yi and Che, Liang and Lang, Jin},
  title     = {{Co-Optimization} of {Generation} {Self-Scheduling} and {Coal} {Supply} for {Coal-Fired} {Power} {Plants}},
  journal   = {IEEE Access},
  year      = {2020},
  volume    = {8},
  pages     = {110633--110642},
  file      = {:che2020co.pdf:PDF},
  publisher = {IEEE},
}

@Article{dong2019can,
  author    = {Dong, Feng and Dai, Yuanju and Zhang, Shengnan and Zhang, Xiaoyun and Long, Ruyin},
  title     = {Can a carbon emission trading scheme generate the {Porter} effect? {Evidence} from pilot areas in {China}},
  journal   = {Science of the Total Environment},
  year      = {2019},
  volume    = {653},
  pages     = {565--577},
  month     = {feb},
  file      = {:dong2019can.pdf:PDF},
  publisher = {Elsevier},
}

@Article{edwards2019coal,
  author    = {Edwards, Gareth AS},
  title     = {Coal and climate change},
  journal   = {Wiley Interdisciplinary Reviews: Climate Change},
  year      = {2019},
  volume    = {10},
  number    = {5},
  pages     = {e607},
  file      = {:edwards2019coal.pdf:PDF},
  publisher = {Wiley Online Library},
}

@Article{fan2019multifractality,
  author    = {Fan, Xinghua and Lv, Xiangxiang and Yin, Jiuli and Tian, Lixin and Liang, Jiaochen},
  title     = {Multifractality and market efficiency of carbon emission trading market: {Analysis} using the multifractal detrended fluctuation technique},
  journal   = {Applied Energy},
  year      = {2019},
  volume    = {251},
  pages     = {113333},
  file      = {:fan2019multifractality.pdf:PDF},
  publisher = {Elsevier},
}

@Article{gamboa2019complexity,
  author    = {Gamboa, Juan C Rodr{\'\i}guez and Marques, Elaine CM and Stosic, Tatijana and others},
  title     = {Complexity analysis of {Brazilian} agriculture and energy market},
  journal   = {Physica A: Statistical Mechanics and its Applications},
  year      = {2019},
  volume    = {523},
  pages     = {933--941},
  file      = {:gamboa2019complexity.pdf:PDF},
  publisher = {Elsevier},
}

@Article{guidolin2019transition,
  author    = {Guidolin, Mariangela and Alpcan, Tansu},
  title     = {Transition to sustainable energy generation in {Australia}: Interplay between coal, gas and renewables},
  journal   = {Renewable Energy},
  year      = {2019},
  volume    = {139},
  pages     = {359--367},
  file      = {:guidolin2019transition.pdf:PDF},
  publisher = {Elsevier},
}

@Article{khanna2014china,
  author    = {Khanna, Nina and Fridley, David and Hong, Lixuan},
  title     = {China's pilot low carbon city initiative: A comparative assessment of national goals and local plans},
  journal   = {Sustainable Cities and Society},
  year      = {2014},
  volume    = {12},
  pages     = {110--121},
  file      = {:khanna2014china.pdf:PDF},
  publisher = {Elsevier},
}

@Article{li2020reduction,
  author    = {Li, Junjie and Zhang, Yueling and Tian, Yajun and Cheng, Wanjing and Yang, Jingdong and Xu, Deping and Wang, Yonggang and Xie, Kechang and Ku, Anthony Y},
  title     = {Reduction of carbon emissions from {China's} coal-fired power industry: Insights from the province-level data},
  journal   = {Journal of Cleaner Production},
  year      = {2020},
  volume    = {242},
  pages     = {118518},
  file      = {:li2020reduction.pdf:PDF},
  publisher = {Elsevier},
}

@Article{liu2019measuring,
  author    = {Liu, Xianfeng and Zhou, Xinxing and Zhu, Bangzhu and He, Kaijian and Wang, Ping},
  title     = {Measuring the maturity of carbon market in {China}: An entropy-based {TOPSIS} approach},
  journal   = {Journal of Cleaner Production},
  year      = {2019},
  volume    = {229},
  pages     = {94--103},
  file      = {:liu2019measuring.pdf:PDF},
  publisher = {Elsevier},
}

@Article{marland2003global,
  author  = {Marland, G and Boden, TA and Andres, RJ},
  title   = {Global, regional, and national $\text{C}{{\text{O}}_{2}}$ emissions in trends: A compendium of data on global change},
  journal = {Carbon Dioxide Information Analysis Center, Oak Ridge National Laboratory, US Department of Energy, Oak Ridge, TN},
  year    = {2003},
}

@Article{mendelevitch2019death,
  author    = {Mendelevitch, Roman and Hauenstein, Christian and Holz, Franziska},
  title     = {The death spiral of coal in the {US}: will changes in {US} Policy turn the tide?},
  journal   = {Climate Policy},
  year      = {2019},
  volume    = {19},
  number    = {10},
  pages     = {1310--1324},
  file      = {:mendelevitch2019death.pdf:PDF},
  publisher = {Taylor \& Francis},
}

@Article{montagnoli2010carbon,
  author    = {Montagnoli, Alberto and De Vries, Frans P},
  title     = {Carbon trading thickness and market efficiency},
  journal   = {Energy Economics},
  year      = {2010},
  volume    = {32},
  number    = {6},
  pages     = {1331--1336},
  file      = {:montagnoli2010carbon.pdf:PDF},
  publisher = {Elsevier},
}

@Article{richman2000physiological,
  author    = {Richman, Joshua S and Moorman, J Randall},
  title     = {Physiological time series analysis using approximate entropy and sample entropy},
  journal   = {American Journal of Physiology-Heart and Circulatory Physiology},
  year      = {2000},
  volume    = {278},
  number    = {6},
  pages     = {H2039--H2049},
  file      = {:richman2000physiological.pdf:PDF},
  publisher = {American Physiological Society Bethesda, MD},
}

@Article{shang2017generalized,
  author    = {Shang, Du and Xu, Mengjia and Shang, Pengjian},
  title     = {Generalized sample entropy analysis for traffic signals based on similarity measure},
  journal   = {Physica A: Statistical Mechanics and its Applications},
  year      = {2017},
  volume    = {474},
  pages     = {1--7},
  file      = {:shang2017generalized.pdf:PDF},
  publisher = {Elsevier},
}

@Article{skjaerseth2010making,
  author    = {Skj{\ae}rseth, Jon Birger and Wettestad, J{\o}rgen},
  title     = {Making the {EU} emissions trading system: the {European} commission as an entrepreneurial epistemic leader},
  journal   = {Global Environmental Change},
  year      = {2010},
  volume    = {20},
  number    = {2},
  pages     = {314--321},
  file      = {:skjaerseth2010making.pdf:PDF},
  publisher = {Elsevier},
}

@Article{soliman2019association,
  author    = {Soliman, Alaa M and Nasir, Muhammad Ali},
  title     = {Association between the energy and emission prices: An analysis of {EU} emission trading system},
  journal   = {Resources Policy},
  year      = {2019},
  volume    = {61},
  pages     = {369--374},
  file      = {:soliman2019association.pdf:PDF},
  publisher = {Elsevier},
}

@Article{song2019improving,
  author    = {Song, Yazhi and Liu, Tiansen and Ye, Bin and Zhu, Yue and Li, Yin and Song, Xiaoqiu},
  title     = {Improving the liquidity of China's carbon market: Insight from the effect of carbon price transmission under the policy release},
  journal   = {Journal of Cleaner Production},
  year      = {2019},
  volume    = {239},
  pages     = {118049},
  file      = {:song2019improving.pdf:PDF},
  publisher = {Elsevier},
}

@BOOK{stern2006stern,
  title = {Stern Review: The economics of climate change},
  publisher = {Cambridge University Press Cambridge},
  year = {2006},
  author = {Stern, Nicholas H and Peters, Siobhan and Bakhshi, Vicki and Bowen,
	Alex and Cameron, Catherine and Catovsky, Sebastian and Crane, Diane
	and Cruickshank, Sophie and Dietz, Simon and Edmonson, Nicola and
	others},
  volume = {30}
}

@Article{sun2020novel,
  author    = {Sun, Wei and Huang, Chenchen},
  title     = {A novel carbon price prediction model combines the secondary decomposition algorithm and the long short-term memory network},
  journal   = {Energy},
  year      = {2020},
  volume    = {207},
  pages     = {118294},
  file      = {:sun2020novel.pdf:PDF},
  publisher = {Elsevier},
}

@Article{tavoni2007forestry,
  author    = {Tavoni, Massimo and Sohngen, Brent and Bosetti, Valentina},
  title     = {Forestry and the carbon market response to stabilize climate},
  journal   = {Energy Policy},
  year      = {2007},
  volume    = {35},
  number    = {11},
  pages     = {5346--5353},
  file      = {:tavoni2007forestry.pdf:PDF},
  publisher = {Elsevier},
}

@Article{uddin2018multivariate,
  author    = {Uddin, Gazi Salah and Hernandez, Jose Areola and Shahzad, Syed Jawad Hussain and Hedstr{\"o}m, Axel},
  title     = {Multivariate dependence and spillover effects across energy commodities and diversification potentials of carbon assets},
  journal   = {Energy Economics},
  year      = {2018},
  volume    = {71},
  pages     = {35--46},
  file      = {:uddin2018multivariate.pdf:PDF},
  publisher = {Elsevier},
}

@Article{wang2020price,
  author    = {Wang, Banban and Boute, Anatole and Tan, Xiujie},
  title     = {Price stabilization mechanisms in {China's} pilot emissions trading schemes: design and performance},
  journal   = {Climate Policy},
  year      = {2020},
  volume    = {20},
  number    = {1},
  pages     = {46--59},
  file      = {:wang2020price.pdf:PDF},
  publisher = {Taylor \& Francis},
}

@Article{weng2018review,
  author    = {Weng, Qingqing and Xu, He},
  title     = {A review of {China's} carbon trading market},
  journal   = {Renewable and Sustainable Energy Reviews},
  year      = {2018},
  volume    = {91},
  pages     = {613--619},
  file      = {:weng2018review.pdf:PDF},
  publisher = {Elsevier},
}

@Article{wu2020market,
  author    = {Wu, Qi and Wang, Minggang and Tian, Lixin},
  title     = {The market-linkage of the volatility spillover between traditional energy price and carbon price on the realization of carbon value of emission reduction behavior},
  journal   = {Journal of Cleaner Production},
  year      = {2020},
  volume    = {245},
  pages     = {118682},
  file      = {:wu2020market.pdf:PDF},
  publisher = {Elsevier},
}

@Article{xu2020carbon,
  author    = {Xu, Hua and Wang, Minggang and Jiang, Shumin and Yang, Weiguo},
  title     = {Carbon price forecasting with complex network and extreme learning machine},
  journal   = {Physica A: Statistical Mechanics and its Applications},
  year      = {2020},
  volume    = {545},
  pages     = {122830},
  file      = {:xu2020carbon.pdf:PDF},
  publisher = {Elsevier},
}

@Article{yu2014carbon,
  author    = {Yu, Shiwei and Wei, Yiming and Guo, Haixiang and Ding, Liping},
  journal   = {Applied Energy},
  title     = {Carbon emission coefficient measurement of the coal-to-power energy chain in {China}},
  year      = {2014},
  pages     = {290--300},
  volume    = {114},
  file      = {:yu2014carbon.pdf:PDF},
  publisher = {Elsevier},
}

@Article{zhang2016dynamic,
  author    = {Zhang, Yuejun and Sun, Yafang},
  journal   = {Journal of Cleaner Production},
  title     = {The dynamic volatility spillover between {European} carbon trading market and fossil energy market},
  year      = {2016},
  pages     = {2654--2663},
  volume    = {112},
  file      = {:zhang2016dynamic.pdf:PDF},
  publisher = {Elsevier},
}

@Article{qadan2018investor,
  author    = {Qadan, Mahmoud and Nama, Hazar},
  title     = {Investor sentiment and the price of oil},
  journal   = {Energy Economics},
  year      = {2018},
  volume    = {69},
  pages     = {42--58},
  file      = {:qadan2018investor.pdf:PDF},
  publisher = {Elsevier},
}

@Article{yang2014term,
  author    = {Yang, Chunpeng and Gao, Bin},
  title     = {The term structure of sentiment effect in stock index futures market},
  journal   = {The North American Journal of Economics and Finance},
  year      = {2014},
  volume    = {30},
  pages     = {171--182},
  file      = {:yang2014term.pdf:PDF},
  publisher = {Elsevier},
}

@Article{black2014forecasting,
  author    = {Black, Angela J and Klinkowska, Olga and McMillan, David G and McMillan, Fiona J},
  title     = {Forecasting stock returns: do commodity prices help?},
  journal   = {Journal of Forecasting},
  year      = {2014},
  volume    = {33},
  number    = {8},
  pages     = {627--639},
  file      = {:black2014forecasting.pdf:PDF},
  publisher = {Wiley Online Library},
}

@Article{schmeling2009investor,
  author    = {Schmeling, Maik},
  title     = {Investor sentiment and stock returns: Some international evidence},
  journal   = {Journal of empirical finance},
  year      = {2009},
  volume    = {16},
  number    = {3},
  pages     = {394--408},
  file      = {:schmeling2009investor.pdf:PDF},
  publisher = {Elsevier},
}

@Article{du2017financial,
  author    = {Du, Ding and Zhao, Xiaobing},
  title     = {Financial investor sentiment and the boom/bust in oil prices during 2003-2008},
  journal   = {Review of Quantitative Finance and Accounting},
  year      = {2017},
  volume    = {48},
  number    = {2},
  pages     = {331--361},
  file      = {:du2017financial.pdf:PDF},
  publisher = {Springer},
}

@Article{li2017does,
  author    = {Li, Huajiao and An, Haizhong},
  title     = {How does the coal stock market, carbon market and coal price co-movement with each other in {China}: A co-movement matrix transmission network perspective},
  journal   = {Energy Procedia},
  year      = {2017},
  volume    = {105},
  pages     = {3479--3484},
  file      = {:li2017does.pdf:PDF},
  publisher = {Elsevier},
}

@Article{dow1997stock,
  author    = {Dow, James and Gorton, Gary},
  title     = {Stock market efficiency and economic efficiency: is there a connection?},
  journal   = {The Journal of Finance},
  year      = {1997},
  volume    = {52},
  number    = {3},
  pages     = {1087--1129},
  file      = {:dow1997stock.pdf:PDF},
  publisher = {Wiley Online Library},
}

@Article{zhao2019systemic,
  author    = {Zhao, Shangmei and Chen, Xinyi and Zhang, Junhuan},
  title     = {The systemic risk of {China's} stock market during the crashes in 2008 and 2015},
  journal   = {Physica A: Statistical Mechanics and its Applications},
  year      = {2019},
  volume    = {520},
  pages     = {161--177},
  file      = {:zhao2019systemic.pdf:PDF},
  publisher = {Elsevier},
}

@Article{fang2018china,
  author    = {Fang, Lu and Bessler, David A},
  title     = {Is it {China} that leads the {Asian} stock market contagion in 2015?},
  journal   = {Applied Economics Letters},
  year      = {2018},
  volume    = {25},
  number    = {11},
  pages     = {752--757},
  file      = {:fang2018china.pdf:PDF},
  publisher = {Taylor \& Francis},
}

@Article{costa2002multiscale,
  author    = {Costa, Madalena and Goldberger, Ary L and Peng, C K},
  title     = {Multiscale entropy analysis of complex physiologic time series},
  journal   = {Physical review letters},
  year      = {2002},
  volume    = {89},
  number    = {6},
  pages     = {068102},
  file      = {:costa2002multiscale.pdf:PDF},
  publisher = {APS},
}

@Article{borghesi2019or,
  author    = {Borghesi, Simone and Flori, Andrea},
  title     = {With or without {U(K)}: A {pre-Brexit} network analysis of the {EU ETS}},
  journal   = {PloS one},
  year      = {2019},
  volume    = {14},
  number    = {9},
  pages     = {e0221587},
  file      = {:borghesi2019or.pdf:PDF},
  publisher = {Public Library of Science San Francisco, CA USA},
}

@Article{koch2014dynamic,
  author    = {Koch, Nicolas},
  title     = {Dynamic linkages among carbon, energy and financial markets: a smooth transition approach},
  journal   = {Applied Economics},
  year      = {2014},
  volume    = {46},
  number    = {7},
  pages     = {715--729},
  file      = {:koch2014dynamic.pdf:PDF},
  publisher = {Taylor \& Francis},
}

@Article{balcilar2016risk,
  author    = {Balc{\i}lar, Mehmet and Demirer, R{\i}za and Hammoudeh, Shawkat and Nguyen, Duc Khuong},
  title     = {Risk spillovers across the energy and carbon markets and hedging strategies for carbon risk},
  journal   = {Energy Economics},
  year      = {2016},
  volume    = {54},
  pages     = {159--172},
  file      = {:balcilar2016risk.pdf:PDF},
  publisher = {Elsevier},
}

@Article{dhamija2018volatility,
  author    = {Dhamija, Ajay K and Yadav, Surendra S and Jain, PK},
  title     = {Volatility spillover of energy markets into {EUA} markets under {EU ETS}: a multi-phase study},
  journal   = {Environmental Economics and Policy Studies},
  year      = {2018},
  volume    = {20},
  number    = {3},
  pages     = {561--591},
  file      = {:dhamija2018volatility.pdf:PDF},
  publisher = {Springer},
}

@Article{wen2017can,
  author    = {Wen, Xiaoqian and Bouri, Elie and Roubaud, David},
  title     = {Can energy commodity futures add to the value of carbon assets?},
  journal   = {Economic Modelling},
  year      = {2017},
  volume    = {62},
  pages     = {194--206},
  file      = {:wen2017can.pdf:PDF},
  publisher = {Elsevier},
}

@Article{fan2016complexity,
  author    = {Fan, Xinghua and Li, Shasha and Tian, Lixin},
  title     = {Complexity of carbon market from multi-scale entropy analysis},
  journal   = {Physica A: Statistical Mechanics and its Applications},
  year      = {2016},
  volume    = {452},
  pages     = {79--85},
  file      = {:fan2016complexity.pdf:PDF},
  publisher = {Elsevier},
}

@Article{benedetto2016predictability,
  author    = {Benedetto, F and Giunta, G and Mastroeni, L},
  title     = {On the predictability of energy commodity markets by an entropy-based computational method},
  journal   = {Energy Economics},
  year      = {2016},
  volume    = {54},
  pages     = {302--312},
  file      = {:benedetto2016predictability.pdf:PDF},
  publisher = {Elsevier},
}

@Article{li2020forcasting,
  author    = {Li, Jingmiao and Wang, Jun},
  title     = {Forcasting of energy futures market and synchronization based on stochastic gated recurrent unit model},
  journal   = {Energy},
  year      = {2020},
  volume    = {213},
  pages     = {118787},
  file      = {:li2020forcasting.pdf:PDF},
  publisher = {Elsevier},
}

@Article{lo2016challenges,
  author    = {Lo, Alex Y},
  title     = {Challenges to the development of carbon markets in {China}},
  journal   = {Climate Policy},
  year      = {2016},
  volume    = {16},
  number    = {1},
  pages     = {109--124},
  file      = {:lo2016challenges.pdf:PDF},
  publisher = {Taylor \& Francis},
}

@Article{zhao2017cointegration,
  author    = {Zhao, Xuelian and Zou, Yu and Yin, Jiuli and Fan, Xinghua},
  title     = {Cointegration relationship between carbon price and its factors: evidence from structural breaks analysis},
  journal   = {Energy Procedia},
  year      = {2017},
  volume    = {142},
  pages     = {2503--2510},
  file      = {:zhao2017cointegration.pdf:PDF},
  publisher = {Elsevier},
}

@Article{fan2019dynamic,
  author    = {Fan, Xinghua and Li, Xuxia and Yin, Jiuli},
  title     = {Dynamic relationship between carbon price and coal price: perspective based on {Detrended} {Cross-Correlation} {Analysis}},
  journal   = {Energy Procedia},
  year      = {2019},
  volume    = {158},
  pages     = {3470--3475},
  file      = {:fan2019dynamic.pdf:PDF},
  publisher = {Elsevier},
}

@Article{zeng2017response,
  author    = {Zeng, Shihong and Nan, Xin and Liu, Chao and Chen, Jiuying},
  title     = {The response of the {Beijing} carbon emissions allowance price {(BJC)} to macroeconomic and energy price indices},
  journal   = {Energy Policy},
  year      = {2017},
  volume    = {106},
  pages     = {111--121},
  file      = {:zeng2017response.pdf:PDF},
  publisher = {Elsevier},
}

@Article{raghuvanshi2006carbon,
  author    = {Raghuvanshi, Shiv Pratap and Chandra, Avinash and Raghav, Ashok Kumar},
  title     = {Carbon dioxide emissions from coal based power generation in {India}},
  journal   = {Energy Conversion and Management},
  year      = {2006},
  volume    = {47},
  number    = {4},
  pages     = {427--441},
  file      = {:raghuvanshi2006carbon.pdf:PDF},
  publisher = {Elsevier},
}

@Article{aguilera2012technological,
  author    = {Aguilera, Roberto F and Ripple, Ronald D},
  title     = {Technological progress and the availability of {European} oil and gas resources},
  journal   = {Applied Energy},
  year      = {2012},
  volume    = {96},
  pages     = {387--392},
  file      = {:aguilera2012technological.pdf:PDF},
  publisher = {Elsevier},
}

@Article{martina2011multiscale,
  author    = {Martina, Esteban and Rodriguez, Eduardo and Escarela Perez, Rafael and Alvarez Ramirez, Jose},
  title     = {Multiscale entropy analysis of crude oil price dynamics},
  journal   = {Energy Economics},
  year      = {2011},
  volume    = {33},
  number    = {5},
  pages     = {936--947},
  file      = {:martina2011multiscale.pdf:PDF},
  publisher = {Elsevier},
}

@Article{ortiz2012efficiency,
  author    = {Ortiz Cruz, Alejandro and Rodriguez, Eduardo and Ibarra Valdez, Carlos and Alvarez Ramirez, Jose},
  title     = {Efficiency of crude oil markets: Evidences from informational entropy analysis},
  journal   = {Energy Policy},
  year      = {2012},
  volume    = {41},
  pages     = {365--373},
  file      = {:ortiz2012efficiency.pdf:PDF},
  publisher = {Elsevier},
}

@Article{wu2020quota,
  author    = {Wu, Qunli and Li, Chunxiang},
  title     = {How quota allocation affects the unified {ETS} of {China}: a simulation with dynamic {CGE} model},
  journal   = {Environmental Science and Pollution Research},
  year      = {2020},
  volume    = {27},
  number    = {2},
  pages     = {1835--1851},
  file      = {:wu2020quota.pdf:PDF},
  publisher = {Springer},
}

@Article{xuan2020can,
  author    = {Xuan, Dong and Ma, Xiaowei and Shang, Yuping},
  title     = {Can {China's} policy of carbon emission trading promote carbon emission reduction?},
  journal   = {Journal of Cleaner Production},
  year      = {2020},
  pages     = {122383},
  file      = {:xuan2020can.pdf:PDF},
  publisher = {Elsevier},
}

@Article{han2019efficiency,
  author    = {Han, Chenyu and Wang, Yiming and Xu, Yingying},
  title     = {Efficiency and multifractality analysis of the {Chinese} stock market: Evidence from stock indices before and after the 2015 stock market crash},
  journal   = {Sustainability},
  year      = {2019},
  volume    = {11},
  number    = {6},
  pages     = {1699},
  file      = {:han2019efficiency.pdf:PDF},
  publisher = {Multidisciplinary Digital Publishing Institute},
}

@Article{lin2019dynamic,
  author    = {Lin, Boqiang and Chen, Yufang},
  title     = {Dynamic linkages and spillover effects between {CET} market, coal market and stock market of new energy companies: A case of Beijing {CET} market in {China}},
  journal   = {Energy},
  year      = {2019},
  volume    = {172},
  pages     = {1198--1210},
  file      = {:lin2019dynamic.pdf:PDF},
  publisher = {Elsevier},
}

@Article{chu2020does,
  author    = {Chu, Wenjun and Chai, Shanglei and Chen, Xi and Du, Mo},
  journal   = {Sustainability},
  title     = {Does the Impact of Carbon Price Determinants Change with the Different Quantiles of Carbon Prices? {Evidence} from {China} {ETS} Pilots},
  year      = {2020},
  number    = {14},
  pages     = {5581},
  volume    = {12},
  file      = {:chu2020does.pdf:PDF},
  publisher = {Multidisciplinary Digital Publishing Institute},
}

@Article{dutta2018modeling,
  author    = {Dutta, Anupam},
  title     = {Modeling and forecasting the volatility of carbon emission market: The role of outliers, time-varying jumps and oil price risk},
  journal   = {Journal of Cleaner Production},
  year      = {2018},
  volume    = {172},
  pages     = {2773--2781},
  file      = {:dutta2018modeling.pdf:PDF},
  publisher = {Elsevier},
}

@Article{zhang2010overview,
  author    = {Zhang, Yue Jun and Wei, Yi Ming},
  title     = {An overview of current research on {EU ETS}: Evidence from its operating mechanism and economic effect},
  journal   = {Applied Energy},
  year      = {2010},
  volume    = {87},
  number    = {6},
  pages     = {1804--1814},
  file      = {:zhang2010overview.pdf:PDF},
  publisher = {Elsevier},
}

@Article{zou2020cross,
  author  = {Zou, Shaohui and Zhang, Tian},
  title   = {Cross-correlation analysis between energy and carbon markets in {China} based on multifractal theory},
  journal = {International Journal of Low-Carbon Technologies},
  year    = {2020},
  file    = {:zou2020cross.pdf:PDF},
}

@Article{zhou2019carbon,
  author    = {Zhou, Kaile and Li, Yiwen},
  title     = {Carbon finance and carbon market in {China}: Progress and challenges},
  journal   = {Journal of Cleaner Production},
  year      = {2019},
  volume    = {214},
  pages     = {536--549},
  file      = {:zhou2019carbon.pdf:PDF},
  publisher = {Elsevier},
}

@Article{zachmann2013stochastic,
  author    = {Zachmann, Georg},
  title     = {A stochastic fuel switching model for electricity prices},
  journal   = {Energy Economics},
  year      = {2013},
  volume    = {35},
  pages     = {5--13},
  file      = {:zachmann2013stochastic.pdf:PDF},
  publisher = {Elsevier},
}

@Article{yu2015linear,
  author    = {Yu, Lean and Li, Jingjing and Tang, Ling and Wang, Shuai},
  title     = {Linear and nonlinear {Granger} causality investigation between carbon market and crude oil market: A multi-scale approach},
  journal   = {Energy Economics},
  year      = {2015},
  volume    = {51},
  pages     = {300--311},
  file      = {:yu2015linear.pdf:PDF},
  publisher = {Elsevier},
}

@Article{yin2019emissions,
  author    = {Yin, Jiuli and Su, Cui and Fan, Xinghua},
  title     = {Which emissions trading pilot is most relevant to others? {Evidence} from entropy-based correlations},
  journal   = {Journal of Cleaner Production},
  year      = {2019},
  volume    = {239},
  pages     = {117982},
  file      = {:yin2019emissions.pdf:PDF},
  publisher = {Elsevier},
}

@Article{yin2018complexity,
  author    = {Yin, Jiuli and Su, Cui and Zhang, Yongfen and Fan, Xinghua},
  title     = {Complexity analysis of carbon market using the modified multi-scale entropy},
  journal   = {Entropy},
  year      = {2018},
  volume    = {20},
  number    = {6},
  pages     = {434},
  file      = {:yin2018complexity.pdf:PDF},
  publisher = {Multidisciplinary Digital Publishing Institute},
}

@Article{sousa2014carbon,
  author    = {Sousa, Rita and Aguiar Conraria, Luis and Soares, Maria Joana},
  title     = {Carbon financial markets: a time-frequency analysis of $\text{C}{{\text{O}}_{2}}$ prices},
  journal   = {Physica A: Statistical Mechanics and Its Applications},
  year      = {2014},
  volume    = {414},
  pages     = {118--127},
  file      = {:sousa2014carbon.pdf:PDF},
  publisher = {Elsevier},
}

@Article{shannon1948mathematical,
  author    = {Shannon, Claude E},
  title     = {A mathematical theory of communication},
  journal   = {The Bell system technical journal},
  year      = {1948},
  volume    = {27},
  number    = {3},
  pages     = {379--423},
  file      = {:shannon1948mathematical.pdf:PDF},
  publisher = {Nokia Bell Labs},
}

@Article{schreiber2000measuring,
  author    = {Schreiber, Thomas},
  title     = {Measuring information transfer},
  journal   = {Physical Review Letters},
  year      = {2000},
  volume    = {85},
  number    = {2},
  pages     = {461},
  file      = {:schreiber2000measuring.pdf:PDF},
  publisher = {APS},
}

@Article{paiva2018dcca,
  author    = {Paiva, Aureliano Sancho Souza and Rivera-Castro, Miguel Angel and Andrade, Roberto Fernandes Silva},
  title     = {{DCCA} analysis of renewable and conventional energy prices},
  journal   = {Physica A: Statistical Mechanics and its Applications},
  year      = {2018},
  volume    = {490},
  pages     = {1408--1414},
  file      = {:paiva2018dcca.pdf:PDF},
  publisher = {Elsevier},
}

@Article{niu2017electric,
  author    = {Niu, Dongxiao and Song, Zongyun and Xiao, Xinli},
  journal   = {Renewable and Sustainable Energy Reviews},
  title     = {Electric power substitution for coal in {China}: Status quo and {SWOT} analysis},
  year      = {2017},
  pages     = {610--622},
  volume    = {70},
  file      = {:niu2017electric.pdf:PDF},
  publisher = {Elsevier},
}

@Article{nazifi2010measuring,
  author    = {Nazifi, Fatemeh and Milunovich, George},
  title     = {Measuring the impact of carbon allowance trading on energy prices},
  journal   = {Energy \& Environment},
  year      = {2010},
  volume    = {21},
  number    = {5},
  pages     = {367--383},
  file      = {:nazifi2010measuring.pdf:PDF},
  publisher = {SAGE Publications Sage UK: London, England},
}

@Article{lu2020carbon,
  author    = {Lu, Hongfang and Ma, Xin and Huang, Kun and Azimi, Mohammadamin},
  title     = {Carbon trading volume and price forecasting in {China} using multiple machine learning models},
  journal   = {Journal of Cleaner Production},
  year      = {2020},
  volume    = {249},
  pages     = {119386},
  file      = {:lu2020carbon.pdf:PDF},
  publisher = {Elsevier},
}

@Article{liu2013study,
  author    = {Liu, HsiangHsi and Chen, Yichun},
  journal   = {Economic Modelling},
  title     = {A study on the volatility spillovers, long memory effects and interactions between carbon and energy markets: The impacts of extreme weather},
  year      = {2013},
  pages     = {840--855},
  volume    = {35},
  file      = {:liu2013study.pdf:PDF},
  publisher = {Elsevier},
}

@Article{kumar2012stock,
  author    = {Kumar, Surender and Managi, Shunsuke and Matsuda, Akimi},
  title     = {Stock prices of clean energy firms, oil and carbon markets: A vector autoregressive analysis},
  journal   = {Energy Economics},
  year      = {2012},
  volume    = {34},
  number    = {1},
  pages     = {215--226},
  file      = {:kumar2012stock.pdf:PDF},
  publisher = {Elsevier},
}

@Article{kissler2020symbolic,
  author    = {Kissler, Stephen M and Viboud, C{\'e}cile and Grenfell, Bryan T and Gog, Julia R},
  title     = {Symbolic transfer entropy reveals the age structure of pandemic influenza transmission from high-volume influenza-like illness data},
  journal   = {Journal of the Royal Society Interface},
  year      = {2020},
  volume    = {17},
  number    = {164},
  pages     = {20190628},
  file      = {:kissler2020symbolic.pdf:PDF},
  publisher = {The Royal Society},
}

@InCollection{kiani2012wholesale,
  author    = {Kiani, Arman and Annaswamy, Anuradha},
  title     = {Wholesale energy market in a smart grid: A discrete-time model and the impact of delays},
  booktitle = {Control and Optimization Methods for Electric Smart Grids},
  publisher = {Springer},
  year      = {2012},
  pages     = {87--110},
  file      = {:kiani2012wholesale.pdf:PDF},
}

@Article{keppler2010causalities,
  author    = {Keppler, Jan Horst and Mansanet-Bataller, Maria},
  title     = {Causalities between $\text{C}{{\text{O}}_{2}}$, electricity, and other energy variables during phase {I} and phase {II} of the {EU ETS}},
  journal   = {Energy Policy},
  year      = {2010},
  volume    = {38},
  number    = {7},
  pages     = {3329--3341},
  file      = {:keppler2010causalities.pdf:PDF},
  publisher = {Elsevier},
}

@Article{kang2017dynamic,
  author    = {Kang, Sang Hoon and McIver, Ron and Yoon, Seong-Min},
  title     = {Dynamic spillover effects among crude oil, precious metal, and agricultural commodity futures markets},
  journal   = {Energy Economics},
  year      = {2017},
  volume    = {62},
  pages     = {19--32},
  file      = {:kang2017dynamic.pdf:PDF},
  publisher = {Elsevier},
}

@Article{kanamura2016role,
  author    = {Kanamura, Takashi},
  title     = {Role of carbon swap trading and energy prices in price correlations and volatilities between carbon markets},
  journal   = {Energy Economics},
  year      = {2016},
  volume    = {54},
  pages     = {204--212},
  file      = {:kanamura2016role.pdf:PDF},
  publisher = {Elsevier},
}

@Article{ji2018information,
  author    = {Ji, Qiang and Zhang, Dayong and Geng, Jiang-bo},
  title     = {Information linkage, dynamic spillovers in prices and volatility between the carbon and energy markets},
  journal   = {Journal of Cleaner Production},
  year      = {2018},
  volume    = {198},
  pages     = {972--978},
  file      = {:ji2018information.pdf:PDF},
  publisher = {Elsevier},
}

@Article{hammoudeh2015empirical,
  author    = {Hammoudeh, Shawkat and Lahiani, Amine and Nguyen, Duc Khuong and Sousa, Ricardo M},
  title     = {An empirical analysis of energy cost pass-through to $\text{C}{{\text{O}}_{2}}$ emission prices},
  journal   = {Energy Economics},
  year      = {2015},
  volume    = {49},
  pages     = {149--156},
  file      = {:hammoudeh2015empirical.pdf:PDF},
  publisher = {Elsevier},
}

@Article{fan2014carbon,
  author    = {Fan, Jin and Zhao, Dingtao and Wu, Yanrui and Wei, Jiuchang},
  title     = {Carbon pricing and electricity market reforms in {China}},
  journal   = {Clean Technologies and Environmental Policy},
  year      = {2014},
  volume    = {16},
  number    = {5},
  pages     = {921--933},
  file      = {:fan2014carbon.pdf:PDF},
  publisher = {Springer},
}

@Article{djorup2018electricity,
  author    = {Dj{\o}rup, S{\o}ren and Thellufsen, Jakob Zinck and Sorkn{\ae}s, Peter},
  title     = {The electricity market in a renewable energy system},
  journal   = {Energy},
  year      = {2018},
  volume    = {162},
  pages     = {148--157},
  file      = {:djorup2018electricity.pdf:PDF},
  publisher = {Elsevier},
}

@Article{creti2012carbon,
  author    = {Creti, Anna and Jouvet, Pierre Andr{\'e} and Mignon, Val{\'e}rie},
  title     = {Carbon price drivers: Phase {I} versus Phase {II} equilibrium?},
  journal   = {Energy Economics},
  year      = {2012},
  volume    = {34},
  number    = {1},
  pages     = {327--334},
  file      = {:creti2012carbon.pdf:PDF},
  publisher = {Elsevier},
}

@Article{chen2019volatility,
  author  = {Chen, Yufeng and Qu, Fang and Li, Wenqi and Chen, Minghui},
  title   = {Volatility spillover and dynamic correlation between the carbon market and energy markets},
  journal = {Journal of business economics and management},
  year    = {2019},
  volume  = {20},
  number  = {5},
  pages   = {979--999},
  file    = {:chen2019volatility.pdf:PDF},
}

@Article{bunn2008vector,
  author    = {Bunn, Derek W and Fezzi, Carlo},
  title     = {A vector error correction model of the interactions among gas, electricity and carbon prices: an application to the cases of {Germany} and the {United Kingdom}},
  journal   = {Markets for carbon and power pricing in {Europe}: Theoretical issues and empirical analyses},
  year      = {2008},
  pages     = {145--159},
  publisher = {Edward Elgar Publishing},
}

@Article{baek2005transfer,
  author  = {Baek, Seung Ki and Jung, Woo-Sung and Kwon, Okyu and Moon, Hie-Tae},
  title   = {Transfer entropy analysis of the stock market},
  journal = {arXiv preprint physics/0509014},
  year    = {2005},
  file    = {:baek2005transfer.pdf:PDF},
}

@Article{aatola2013price,
  author    = {Aatola, Piia and Ollikainen, Markku and Toppinen, Anne},
  title     = {Price determination in the {EU ETS} market: Theory and econometric analysis with market fundamentals},
  journal   = {Energy Economics},
  year      = {2013},
  volume    = {36},
  pages     = {380--395},
  file      = {:aatola2013price.pdf:PDF},
  publisher = {Elsevier},
}

@Article{kostelich1993noise,
  author    = {Kostelich, Eric J and Schreiber, Thomas},
  title     = {Noise reduction in chaotic time-series data: A survey of common methods},
  journal   = {Physical Review E},
  year      = {1993},
  volume    = {48},
  number    = {3},
  pages     = {1752},
  publisher = {APS},
}

@Comment{jabref-meta: databaseType:bibtex;}

@Comment{jabref-meta: fileDirectory:.\\doc;}

@Comment{jabref-meta: fileDirectory-QRH-DESKTOP-63PU507:.\\doc;}

@Comment{jabref-meta: fileDirectoryLatex-QRH-DESKTOP-63PU507:doc;}
